@Article{Hunter:2007,
  Author    = {Hunter, J. D.},
  Title     = {Matplotlib: A 2D graphics environment},
  Journal   = {Computing in Science \& Engineering},
  Volume    = {9},
  Number    = {3},
  Pages     = {90--95},
  abstract  = {Matplotlib is a 2D graphics package used for Python for
  application development, interactive scripting, and publication-quality
  image generation across user interfaces and operating systems.},
  publisher = {IEEE COMPUTER SOC},
  doi       = {10.1109/MCSE.2007.55},
  year      = 2007
}


@Misc{Brandwatch,
	author = {Giles Palmer},
	title = {Brandwatch},
	howpublished ={\texttt{https://www.brandwatch.com/es/}},
	year = {2005},
	note = {Accedido 30-08-2019},
}

@Misc{MeaningCloud,
	key = {MeaningCloud},
	author = {Meaning Cloud},
	howpublished = {\texttt{https://www.meaningcloud.com/developer/documentation}},
	note = {Accedido 30-08-2019},
}

@Misc{GoogleCloudNaturalLanguage,
	author = {Google Cloud Natural Language},
	title = {	Alphabet	 	 	 	                   },
	howpublished = {\texttt{https://cloud.google.com/natural-language/docs/analyzing-sentiment}},
	note = {Accedido 30-08-2019},
}

@Misc{SocialStreams,
	title = {Social Streams},
	howpublished = {\texttt{https://docs.social-streams.com/}},
	note = {Accedido 30-08-2019},
}

@Misc{PythonTwitter,
	author = {Mike Verdone},
	title = {Python Twitter Tools},
	howpublished = {\texttt{https://pypi.org/project/twitter/}},
	year = {2008},
}

@Misc{Tweepy,
	author = {Joshua Roesslein},
	title = {Tweepy},
	howpublished = {\texttt{https://tweepy.readthedocs.io/}},
	year = {2009},
}

@Misc{Pymongo,
	author = {Mike Dirolf},
	title = {\texttt{https://api.mongodb.com/python/current/}},
	year = {2009},
}

@Misc{MongoDB,
	author = {MongoBD Inc},
	title = {MongoDB},
	howpublished = {\texttt{https://docs.mongodb.com/}},
	year = {2009},
}


@book{goossens93,
	author    = "Michel Goossens and Frank Mittelbach and Alexander Samarin",
	title     = "The LaTeX Companion",
	year      = "1993",
	publisher = "Addison-Wesley",
	address   = "Reading, Massachusetts"
}

@Misc{Numpy,
	title = {Numpy},
	author ={Travis Oliphant},
	howpublished = {\texttt{https://numpy.org/doc/1.13/}},
	year = { 2005},
}

@Misc{Pillow,
	title = {Pillow},
	author = {Fredik Lundh},
	howpublished = {\texttt{https://pillow.readthedocs.io/en/5.1.x/}},
	year={2009},
}

@Misc{Pandas,
	title = {Pandas},
	author = {Wes McKinney},
	howpublished = {\texttt{https://pandas.pydata.org/pandas-docs/stable/}},
	year = {2008},
}
